
@incollection{ref5,
  title={A Note on Finding The Bridges of a Graph},
  author={R. Endre Tarjan},
  year={1974},
}
@incollection{ref6,
  title={Deux problèmes de Géométrie de situation},
  author={M. Fleury},
  year={1883},
}